<record><leader>00000cas a22000007a 4500</leader><controlfield tag="001">10421720</controlfield><controlfield tag="008">840216d19671969ohuwr ne      0    0eng d</controlfield><datafield ind1=" " ind2=" " tag="010"><subfield code="a">sn 84028116 </subfield></datafield><datafield ind1=" " ind2=" " tag="040"><subfield code="a">NPY</subfield><subfield code="b">eng</subfield><subfield code="c">NPY</subfield><subfield code="d">ONP</subfield><subfield code="d">OCLCQ</subfield></datafield><datafield ind1=" " ind2=" " tag="042"><subfield code="a">msc</subfield></datafield><datafield ind1="0" ind2=" " tag="130"><subfield code="a">News (Berea, Ohio)</subfield></datafield><datafield ind1="1" ind2="4" tag="245"><subfield code="a">The News.</subfield></datafield><datafield ind1=" " ind2=" " tag="260"><subfield code="a">[Berea, Ohio] :</subfield><subfield code="b">Berea Pub. Co.,</subfield><subfield code="c">1967-1969.</subfield></datafield><datafield ind1=" " ind2=" " tag="300"><subfield code="a">2 v. :</subfield><subfield code="b">ill. ;</subfield><subfield code="c">58 cm.</subfield></datafield><datafield ind1=" " ind2=" " tag="310"><subfield code="a">Weekly</subfield></datafield><datafield ind1="0" ind2=" " tag="362"><subfield code="a">44th year, no. 49 (Dec. 7, 1967)-46th year, no. 46 (Nov. 13, 1969).</subfield></datafield><datafield ind1=" " ind2=" " tag="500"><subfield code="a">Published on Thursday.</subfield></datafield><datafield ind1=" " ind2=" " tag="500"><subfield code="a">Publisher: James C. Toedtman.</subfield></datafield><datafield ind1=" " ind2=" " tag="500"><subfield code="a">Editors: Willard Largent, Dec. 7, 1967-Feb. 15, 1968; Robert Wischmeyer, Mar. 14, 1968-May 15, 1969.</subfield></datafield><datafield ind1=" " ind2=" " tag="525"><subfield code="a">Supplements accompany some issues.</subfield></datafield><datafield ind1="1" ind2=" " tag="700"><subfield code="a">Toedtman, James C.</subfield></datafield><datafield ind1="1" ind2=" " tag="700"><subfield code="a">Largent, Willard.</subfield></datafield><datafield ind1="1" ind2=" " tag="700"><subfield code="a">Wischmeyer, Robert A.</subfield></datafield><datafield ind1=" " ind2=" " tag="752"><subfield code="a">United States</subfield><subfield code="b">Ohio</subfield><subfield code="c">Cuyahoga</subfield><subfield code="d">Berea.</subfield></datafield><datafield ind1="0" ind2="0" tag="780"><subfield code="t">Berea news (Berea, Ohio)</subfield><subfield code="w">(DLC)sn 84028115</subfield></datafield><datafield ind1="0" ind2="0" tag="785"><subfield code="t">Berea news sun</subfield><subfield code="w">(DLC)sn 84028117</subfield></datafield><datafield ind1="1" ind2=" " tag="029"><subfield code="a">AU@</subfield><subfield code="b">000025791873</subfield></datafield></record>